@article{hinton2006reducing,
  title={Reducing the dimensionality of data with neural networks},
  author={Hinton, Geoffrey E and Salakhutdinov, Ruslan R},
  journal={science},
  volume={313},
  number={5786},
  pages={504--507},
  year={2006},
  publisher={American Association for the Advancement of Science}
}

@article{centersstrategies,
  title={Strategies for Optimizing the Supply of N95 Respirators. 2020 Apri 3 https://www. cdc. gov/coronavirus/2019-ncov/hcp/respiratorsstrategy/index. html},
  author={Centers for Disease Control and Prevention (CDC) and others},
  journal={CDC\_AA\_refVal= https\% 3A\% 2F\% 2Fwww. cdc. gov\% 2Fcoro navirus\% 2F2019-ncov\% 2Fhcp\% 2Frespiratorsstrategy\% 2Fcrisis-alternate-strategies}
}

@article{yan2020interpretable,
  title={An interpretable mortality prediction model for COVID-19 patients},
  author={Yan, Li and Zhang, Hai-Tao and Goncalves, Jorge and Xiao, Yang and Wang, Maolin and Guo, Yuqi and Sun, Chuan and Tang, Xiuchuan and Jing, Liang and Zhang, Mingyang and others},
  journal={Nature Machine Intelligence},
  pages={1--6},
  year={2020},
  publisher={Nature Publishing Group}
}

@article{schmidhuber1997long,
  title={Long short-term memory},
  author={Schmidhuber, J{\"u}rgen and Hochreiter, Sepp},
  journal={Neural Comput},
  volume={9},
  number={8},
  pages={1735--1780},
  year={1997}
}

@article{yu2019review,
  title={A review of recurrent neural networks: LSTM cells and network architectures},
  author={Yu, Yong and Si, Xiaosheng and Hu, Changhua and Zhang, Jianxun},
  journal={Neural computation},
  volume={31},
  number={7},
  pages={1235--1270},
  year={2019},
  publisher={MIT Press}
}

@article{kontis2020magnitude,
  title={Magnitude, demographics and dynamics of the effect of the first wave of the COVID-19 pandemic on all-cause mortality in 21 industrialized countries},
  author={Kontis, Vasilis and Bennett, James E and Rashid, Theo and Parks, Robbie M and Pearson-Stuttard, Jonathan and Guillot, Michel and Asaria, Perviz and Zhou, Bin and Battaglini, Marco and Corsetti, Gianni and others},
  journal={Nature Medicine},
  pages={1--10},
  year={2020},
  publisher={Nature Publishing Group}
}

@article{centers2020strategies,
  title={Strategies for optimizing the supply of N95 respirators},
  author={Centers for Disease Control and Prevention and others},
  journal={Consultado 26 marzo 2020] Disponible en},
  year={2020}
}

@article{yoon2018gain,
  title={Gain: Missing data imputation using generative adversarial nets},
  author={Yoon, Jinsung and Jordon, James and Van Der Schaar, Mihaela},
  journal={arXiv preprint arXiv:1806.02920},
  year={2018}
}

@inproceedings{yu2013embedding,
  title={Embedding with autoencoder regularization},
  author={Yu, Wenchao and Zeng, Guangxiang and Luo, Ping and Zhuang, Fuzhen and He, Qing and Shi, Zhongzhi},
  booktitle={Joint European Conference on Machine Learning and Knowledge Discovery in Databases},
  pages={208--223},
  year={2013},
  organization={Springer}
}

@inproceedings{srivastava2015unsupervised,
  title={Unsupervised learning of video representations using lstms},
  author={Srivastava, Nitish and Mansimov, Elman and Salakhudinov, Ruslan},
  booktitle={International conference on machine learning},
  pages={843--852},
  year={2015}
}

@article{kishaba2014staging,
  title={Staging of acute exacerbation in patients with idiopathic pulmonary fibrosis},
  author={Kishaba, Tomoo and Tamaki, Hitoshi and Shimaoka, Yousuke and Fukuyama, Hajime and Yamashiro, Shin},
  journal={Lung},
  volume={192},
  number={1},
  pages={141--149},
  year={2014},
  publisher={Springer}
}

@article{ridker2008rosuvastatin,
  title={Rosuvastatin to prevent vascular events in men and women with elevated C-reactive protein},
  author={Ridker, Paul M and Danielson, Eleanor and Fonseca, Francisco AH and Genest, Jacques and Gotto Jr, Antonio M and Kastelein, John JP and Koenig, Wolfgang and Libby, Peter and Lorenzatti, Alberto J and MacFadyen, Jean G and others},
  journal={New England journal of medicine},
  volume={359},
  number={21},
  pages={2195--2207},
  year={2008},
  publisher={Mass Medical Soc}
}

@article{wang2020clinical,
  title={Clinical characteristics of 138 hospitalized patients with 2019 novel coronavirus--infected pneumonia in Wuhan, China},
  author={Wang, Dawei and Hu, Bo and Hu, Chang and Zhu, Fangfang and Liu, Xing and Zhang, Jing and Wang, Binbin and Xiang, Hui and Cheng, Zhenshun and Xiong, Yong and others},
  journal={Jama},
  volume={323},
  number={11},
  pages={1061--1069},
  year={2020},
  publisher={American Medical Association}
}

@article{violi2020albumin,
  title={IS ALBUMIN PREDICTOR OF MORTALITY IN COVID-19?},
  author={Violi, Francesco and Cangemi, Roberto and Romiti, Giulio Francesco and Ceccarelli, Giancarlo and Oliva, Alessandra and Alessandri, Francesco and Pirro, Matteo and Pignatelli, Pasquale and Lichtner, Miriam and Carraro, Anna and others},
  journal={Antioxidants and Redox Signaling},
  number={ja},
  year={2020}
}

@article{li2020immune,
  title={Immune dysfunction leads to mortality and organ injury in patients with COVID-19 in China: insights from ERS-COVID-19 study},
  author={Li, Dongze and Chen, You and Liu, Hong and Jia, Yu and Li, Fanghui and Wang, Wei and Wu, Jiang and Wan, Zhi and Cao, Yu and Zeng, Rui},
  journal={Signal Transduction and Targeted Therapy},
  volume={5},
  number={1},
  pages={1--3},
  year={2020},
  publisher={Nature Publishing Group}
}

@article{kingma2014adam,
  title={Adam: A method for stochastic optimization},
  author={Kingma, Diederik P and Ba, Jimmy},
  journal={arXiv preprint arXiv:1412.6980},
  year={2014}
}

@article{sharma2016aetiology,
  title={Aetiology, outcomes \& predictors of mortality in acute respiratory distress syndrome from a tertiary care centre in north India},
  author={Sharma, Surendra K and Gupta, Anunay and Biswas, Ashutosh and Sharma, Abhishek and Malhotra, Atul and Prasad, KT and Vishnubhatla, Sreenivas and Ajmani, Sajal and Mishra, Hridesh and Soneja, Manish and others},
  journal={The Indian journal of medical research},
  volume={143},
  number={6},
  pages={782},
  year={2016},
  publisher={Wolters Kluwer--Medknow Publications}
}

@article{bajwa2009plasma,
  title={Plasma C-reactive protein levels are associated with improved outcome in ARDS},
  author={Bajwa, Ednan K and Khan, Uzma A and Januzzi, James L and Gong, Michelle N and Thompson, B Taylor and Christiani, David C},
  journal={Chest},
  volume={136},
  number={2},
  pages={471--480},
  year={2009},
  publisher={Elsevier}
}

@article{chan2020familial,
  title={A familial cluster of pneumonia associated with the 2019 novel coronavirus indicating person-to-person transmission: a study of a family cluster},
  author={Chan, Jasper Fuk-Woo and Yuan, Shuofeng and Kok, Kin-Hang and To, Kelvin Kai-Wang and Chu, Hin and Yang, Jin and Xing, Fanfan and Liu, Jieling and Yip, Cyril Chik-Yan and Poon, Rosana Wing-Shan and others},
  journal={The Lancet},
  volume={395},
  number={10223},
  pages={514--523},
  year={2020},
  publisher={Elsevier}
}

@article{liu2020longitudinal,
  title={Longitudinal characteristics of lymphocyte responses and cytokine profiles in the peripheral blood of SARS-CoV-2 infected patients},
  author={Liu, Jing and Li, Sumeng and Liu, Jia and Liang, Boyun and Wang, Xiaobei and Wang, Hua and Li, Wei and Tong, Qiaoxia and Yi, Jianhua and Zhao, Lei and others},
  journal={EBioMedicine},
  pages={102763},
  year={2020},
  publisher={Elsevier}
}

@inproceedings{lu2018predicting,
  title={Predicting progressions of cognitive outcomes via high-order multi-modal multi-task feature learning},
  author={Lu, Lyujian and Wang, Hua and Yao, Xiaohui and Risacher, Shannon and Saykin, Andrew and Shen, Li},
  booktitle={2018 IEEE 15th International Symposium on Biomedical Imaging (ISBI 2018)},
  pages={545--548},
  year={2018},
  organization={IEEE}
}

@article{langkvist2014review,
  title={A review of unsupervised feature learning and deep learning for time-series modeling},
  author={L{\"a}ngkvist, Martin and Karlsson, Lars and Loutfi, Amy},
  journal={Pattern Recognition Letters},
  volume={42},
  pages={11--24},
  year={2014},
  publisher={Elsevier}
}

@article{medsker2001recurrent,
  title={Recurrent neural networks},
  author={Medsker, Larry R and Jain, LC},
  journal={Design and Applications},
  volume={5},
  year={2001}
}

@inproceedings{ho1995random,
  title={Random decision forests},
  author={Ho, Tin Kam},
  booktitle={Proceedings of 3rd international conference on document analysis and recognition},
  volume={1},
  pages={278--282},
  year={1995},
  organization={IEEE}
}

@misc{chollet2015keras,
  title={Keras},
  author={Chollet, Fran\c{c}ois and others},
  year={2015},
  howpublished={\url{https://keras.io}},
}

@inproceedings{chen2016xgboost,
  title={Xgboost: A scalable tree boosting system},
  author={Chen, Tianqi and Guestrin, Carlos},
  booktitle={Proceedings of the 22nd acm sigkdd international conference on knowledge discovery and data mining},
  pages={785--794},
  year={2016}
}