@article{risacher2010longitudinal,
  title={Longitudinal MRI atrophy biomarkers: relationship to conversion in the ADNI cohort},
  author={Risacher, Shannon L and Shen, Li and West, John D and Kim, Sungeun and McDonald, Brenna C and Beckett, Laurel A and Harvey, Danielle J and Jack Jr, Clifford R and Weiner, Michael W and Saykin, Andrew J and others},
  journal={Neurobiology of aging},
  volume={31},
  number={8},
  pages={1401--1418},
  year={2010},
  publisher={Elsevier}
}

@article{cui2011identification,
  title={Identification of conversion from mild cognitive impairment to Alzheimer's disease using multivariate predictors},
  author={Cui, Yue and Liu, Bing and Luo, Suhuai and Zhen, Xiantong and Fan, Ming and Liu, Tao and Zhu, Wanlin and Park, Mira and Jiang, Tianzi and Jin, Jesse S and others},
  journal={PloS one},
  volume={6},
  number={7},
  pages={e21896},
  year={2011},
  publisher={Public Library of Science}
}

@article{qiu2018fusion,
  title={Fusion of deep learning models of MRI scans, Mini--Mental State Examination, and logical memory test enhances diagnosis of mild cognitive impairment},
  author={Qiu, Shangran and Chang, Gary H and Panagia, Marcello and Gopal, Deepa M and Au, Rhoda and Kolachalama, Vijaya B},
  journal={Alzheimer's \& Dementia: Diagnosis, Assessment \& Disease Monitoring},
  volume={10},
  pages={737--749},
  year={2018},
  publisher={Elsevier}
}

@article{moradi2015machine,
  title={Machine learning framework for early MRI-based Alzheimer's conversion prediction in MCI subjects},
  author={Moradi, Elaheh and Pepe, Antonietta and Gaser, Christian and Huttunen, Heikki and Tohka, Jussi and Alzheimer's Disease Neuroimaging Initiative and others},
  journal={Neuroimage},
  volume={104},
  pages={398--412},
  year={2015},
  publisher={Elsevier}
}

@article{pillai2015fusing,
  title={Fusing Heterogeneous Data for Alzheimer's Disease Classification},
  author={Pillai, Parvathy Sudhir and Leong, Tze-Yun},
  year={2015},
  publisher={IOS Press}
}

@article{moradi2015machine,
  title={Machine learning framework for early MRI-based Alzheimer's conversion prediction in MCI subjects},
  author={Moradi, Elaheh and Pepe, Antonietta and Gaser, Christian and Huttunen, Heikki and Tohka, Jussi and Alzheimer's Disease Neuroimaging Initiative and others},
  journal={Neuroimage},
  volume={104},
  pages={398--412},
  year={2015},
  publisher={Elsevier}
}

@article{liu2018joint,
  title={Joint classification and regression via deep multi-task multi-channel learning for Alzheimer's disease diagnosis},
  author={Liu, Mingxia and Zhang, Jun and Adeli, Ehsan and Shen, Dinggang},
  journal={IEEE Transactions on Biomedical Engineering},
  volume={66},
  number={5},
  pages={1195--1206},
  year={2018},
  publisher={IEEE}
}

@article{ding2018hybrid,
  title={A hybrid computational approach for efficient Alzheimer’s disease classification based on heterogeneous data},
  author={Ding, Xuemei and Bucholc, Magda and Wang, Haiying and Glass, David H and Wang, Hui and Clarke, Dave H and Bjourson, Anthony John and Le Roy, C Dowey and O’Kane, Maurice and Prasad, Girijesh and others},
  journal={Scientific reports},
  volume={8},
  number={1},
  pages={1--10},
  year={2018},
  publisher={Nature Publishing Group}
}

@article{barnes2011projected,
  title={The projected effect of risk factor reduction on Alzheimer's disease prevalence},
  author={Barnes, Deborah E and Yaffe, Kristine},
  journal={The Lancet Neurology},
  volume={10},
  number={9},
  pages={819--828},
  year={2011},
  publisher={Elsevier}
}

@article{albert2011diagnosis,
  title={The diagnosis of mild cognitive impairment due to Alzheimer's disease: recommendations from the National Institute on Aging-Alzheimer's Association workgroups on diagnostic guidelines for Alzheimer's disease},
  author={Albert, Marilyn S and DeKosky, Steven T and Dickson, Dennis and Dubois, Bruno and Feldman, Howard H and Fox, Nick C and Gamst, Anthony and Holtzman, David M and Jagust, William J and Petersen, Ronald C and others},
  journal={Alzheimer's \& dementia},
  volume={7},
  number={3},
  pages={270--279},
  year={2011},
  publisher={Wiley Online Library}
}

@article{vieira2017using,
  title={Using deep learning to investigate the neuroimaging correlates of psychiatric and neurological disorders: Methods and applications},
  author={Vieira, Sandra and Pinaya, Walter HL and Mechelli, Andrea},
  journal={Neuroscience \& Biobehavioral Reviews},
  volume={74},
  pages={58--75},
  year={2017},
  publisher={Elsevier}
}

@article{tian2018deep,
  title={A deep neural network model for short-term load forecast based on long short-term memory network and convolutional neural network},
  author={Tian, Chujie and Ma, Jian and Zhang, Chunhong and Zhan, Panpan},
  journal={Energies},
  volume={11},
  number={12},
  pages={3493},
  year={2018},
  publisher={Multidisciplinary Digital Publishing Institute}
}

@inproceedings{brand2018joint,
  title={Joint high-order multi-task feature learning to predict the progression of alzheimer’s disease},
  author={Brand, Lodewijk and Wang, Hua and Huang, Heng and Risacher, Shannon and Saykin, Andrew and Shen, Li and others},
  booktitle={International Conference on Medical Image Computing and Computer-Assisted Intervention},
  pages={555--562},
  year={2018},
  organization={Springer}
}

@inproceedings{lu2018predicting,
  title={Predicting progressions of cognitive outcomes via high-order multi-modal multi-task feature learning},
  author={Lu, Lyujian and Wang, Hua and Yao, Xiaohui and Risacher, Shannon and Saykin, Andrew and Shen, Li},
  booktitle={2018 IEEE 15th International Symposium on Biomedical Imaging (ISBI 2018)},
  pages={545--548},
  year={2018},
  organization={IEEE}
}

@article{alberdi2016early,
  title={On the early diagnosis of Alzheimer's Disease from multimodal signals: A survey},
  author={Alberdi, Ane and Aztiria, Asier and Basarab, Adrian},
  journal={Artificial intelligence in medicine},
  volume={71},
  pages={1--29},
  year={2016},
  publisher={Elsevier}
}

@article{rosen1984new,
  title={A new rating scale for Alzheimer's disease.},
  author={Rosen, Wilma G and Mohs, Richard C and Davis, Kenneth L},
  journal={The American journal of psychiatry},
  year={1984},
  publisher={American Psychiatric Assn}
}

@article{tombaugh1992mini,
  title={The mini-mental state examination: a comprehensive review},
  author={Tombaugh, Tom N and McIntyre, Nancy J},
  journal={Journal of the American Geriatrics Society},
  volume={40},
  number={9},
  pages={922--935},
  year={1992},
  publisher={Wiley Online Library}
}

@article{ruff1987ruff,
  title={The Ruff Figural Fluency Test: a normative study with adults},
  author={Ruff, Ronald M and Light, Rudolph H and Evans, Randall W},
  journal={Developmental Neuropsychology},
  volume={3},
  number={1},
  pages={37--51},
  year={1987},
  publisher={Taylor \& Francis}
}

@article{moradi2017rey,
  title={Rey's Auditory Verbal Learning Test scores can be predicted from whole brain MRI in Alzheimer's disease},
  author={Moradi, Elaheh and Hallikainen, Ilona and H{\"a}nninen, Tuomo and Tohka, Jussi and Alzheimer's Disease Neuroimaging Initiative and others},
  journal={NeuroImage: Clinical},
  volume={13},
  pages={415--427},
  year={2017},
  publisher={Elsevier}
}

@article{reitan1958validity,
  title={Validity of the Trail Making Test as an indicator of organic brain damage},
  author={Reitan, Ralph M},
  journal={Perceptual and motor skills},
  volume={8},
  number={3},
  pages={271--276},
  year={1958},
  publisher={SAGE Publications Sage CA: Los Angeles, CA}
}

@article{stonnington2010predicting,
  title={Predicting clinical scores from magnetic resonance scans in Alzheimer's disease},
  author={Stonnington, Cynthia M and Chu, Carlton and Kl{\"o}ppel, Stefan and Jack Jr, Clifford R and Ashburner, John and Frackowiak, Richard SJ and Alzheimer Disease Neuroimaging Initiative and others},
  journal={Neuroimage},
  volume={51},
  number={4},
  pages={1405--1413},
  year={2010},
  publisher={Elsevier}
}

@article{zhang2012multi,
  title={Multi-modal multi-task learning for joint prediction of multiple regression and classification variables in Alzheimer's disease},
  author={Zhang, Daoqiang and Shen, Dinggang and Alzheimer's Disease Neuroimaging Initiative and others},
  journal={NeuroImage},
  volume={59},
  number={2},
  pages={895--907},
  year={2012},
  publisher={Elsevier}
}

@article{wang2012phenotype,
  title={From phenotype to genotype: an association study of longitudinal phenotypic markers to Alzheimer's disease relevant SNPs},
  author={Wang, Hua and Nie, Feiping and Huang, Heng and Yan, Jingwen and Kim, Sungeun and Nho, Kwangsik and Risacher, Shannon L and Saykin, Andrew J and Shen, Li and Alzheimer's Disease Neuroimaging Initiative},
  journal={Bioinformatics},
  volume={28},
  number={18},
  pages={i619--i625},
  year={2012},
  publisher={Oxford University Press}
}

@article{yan2015cortical,
  title={Cortical surface biomarkers for predicting cognitive outcomes using group l2, 1 norm},
  author={Yan, Jingwen and Li, Taiyong and Wang, Hua and Huang, Heng and Wan, Jing and Nho, Kwangsik and Kim, Sungeun and Risacher, Shannon L and Saykin, Andrew J and Shen, Li and others},
  journal={Neurobiology of aging},
  volume={36},
  pages={S185--S193},
  year={2015},
  publisher={Elsevier}
}

@inproceedings{wang2012high,
  title={High-order multi-task feature learning to identify longitudinal phenotypic markers for alzheimer's disease progression prediction},
  author={Wang, Hua and Nie, Feiping and Huang, Heng and Yan, Jingwen and Kim, Sungeun and Risacher, Shannon and Saykin, Andrew and Shen, Li},
  booktitle={Advances in neural information processing systems},
  pages={1277--1285},
  year={2012}
}

@inproceedings{wang2016prediction,
  title={Prediction of memory impairment with MRI Data: a longitudinal study of Alzheimer’s disease},
  author={Wang, Xiaoqian and Shen, Dinggang and Huang, Heng},
  booktitle={International Conference on Medical Image Computing and Computer-Assisted Intervention},
  pages={273--281},
  year={2016},
  organization={Springer}
}

@inproceedings{wang2017longitudinal,
  title={Longitudinal genotype-phenotype association study via temporal structure auto-learning predictive model},
  author={Wang, Xiaoqian and Yan, Jingwen and Yao, Xiaohui and Kim, Sungeun and Nho, Kwangsik and Risacher, Shannon L and Saykin, Andrew J and Shen, Li and Huang, Heng and others},
  booktitle={International Conference on Research in Computational Molecular Biology},
  pages={287--302},
  year={2017},
  organization={Springer}
}

@article{wang2012identifying,
  title={Identifying disease sensitive and quantitative trait-relevant biomarkers from multidimensional heterogeneous imaging genetics data via sparse multimodal multitask learning},
  author={Wang, Hua and Nie, Feiping and Huang, Heng and Risacher, Shannon L and Saykin, Andrew J and Shen, Li and Alzheimer's Disease Neuroimaging Initiative},
  journal={Bioinformatics},
  volume={28},
  number={12},
  pages={i127--i136},
  year={2012},
  publisher={Oxford University Press}
}

@inproceedings{wang2013heterogeneous,
  title={Heterogeneous visual features fusion via sparse multimodal machine},
  author={Wang, Hua and Nie, Feiping and Huang, Heng and Ding, Chris},
  booktitle={Proceedings of the IEEE conference on computer vision and pattern recognition},
  pages={3097--3102},
  year={2013}
}

@inproceedings{sukkar2012disease,
  title={Disease progression modeling using hidden Markov models},
  author={Sukkar, Rafid and Katz, Elyse and Zhang, Yanwei and Raunig, David and Wyman, Bradley T},
  booktitle={2012 Annual International Conference of the IEEE Engineering in Medicine and Biology Society},
  pages={2845--2848},
  year={2012},
  organization={IEEE}
}

@article{lei2017relational,
  title={Relational-regularized discriminative sparse learning for Alzheimer’s disease diagnosis},
  author={Lei, Baiying and Yang, Peng and Wang, Tianfu and Chen, Siping and Ni, Dong},
  journal={IEEE transactions on cybernetics},
  volume={47},
  number={4},
  pages={1102--1113},
  year={2017},
  publisher={IEEE}
}

@article{xiang2014bi,
  title={Bi-level multi-source learning for heterogeneous block-wise missing data},
  author={Xiang, Shuo and Yuan, Lei and Fan, Wei and Wang, Yalin and Thompson, Paul M and Ye, Jieping and Alzheimer's Disease Neuroimaging Initiative and others},
  journal={NeuroImage},
  volume={102},
  pages={192--206},
  year={2014},
  publisher={Elsevier}
}

@article{li2019multi,
  title={Multi-task learning based survival analysis for multi-source block-wise missing data},
  author={Li, Yan and Wang, Lu and Zhou, Jiayu and Ye, Jieping},
  journal={Neurocomputing},
  volume={364},
  pages={95--107},
  year={2019},
  publisher={Elsevier}
}

@article{shen2010whole,
  title={Whole genome association study of brain-wide imaging phenotypes for identifying quantitative trait loci in MCI and AD: A study of the ADNI cohort},
  author={Shen, Li and Kim, Sungeun and Risacher, Shannon L and Nho, Kwangsik and Swaminathan, Shanker and West, John D and Foroud, Tatiana and Pankratz, Nathan and Moore, Jason H and Sloan, Chantel D and others},
  journal={Neuroimage},
  volume={53},
  number={3},
  pages={1051--1063},
  year={2010},
  publisher={Elsevier}
}

@article{kramer1991nonlinear,
  title={Nonlinear principal component analysis using autoassociative neural networks},
  author={Kramer, Mark A},
  journal={AIChE journal},
  volume={37},
  number={2},
  pages={233--243},
  year={1991},
  publisher={Wiley Online Library}
}

@article{yu2019review,
  title={A review of recurrent neural networks: LSTM cells and network architectures},
  author={Yu, Yong and Si, Xiaosheng and Hu, Changhua and Zhang, Jianxun},
  journal={Neural computation},
  volume={31},
  number={7},
  pages={1235--1270},
  year={2019},
  publisher={MIT Press}
}

@inproceedings{srivastava2015unsupervised,
  title={Unsupervised learning of video representations using lstms},
  author={Srivastava, Nitish and Mansimov, Elman and Salakhudinov, Ruslan},
  booktitle={International conference on machine learning},
  pages={843--852},
  year={2015}
}

@inproceedings{mirza2018computer,
  title={Computer network intrusion detection using sequential LSTM neural networks autoencoders},
  author={Mirza, Ali H and Cosan, Selin},
  booktitle={2018 26th signal processing and communications applications conference (SIU)},
  pages={1--4},
  year={2018},
  organization={IEEE}
}

@article{medsker2001recurrent,
  title={Recurrent neural networks},
  author={Medsker, Larry R and Jain, LC},
  journal={Design and Applications},
  volume={5},
  year={2001}
}

@inproceedings{tu2018spatial,
  title={Spatial-temporal data augmentation based on LSTM autoencoder network for skeleton-based human action recognition},
  author={Tu, Juanhui and Liu, Hong and Meng, Fanyang and Liu, Mengyuan and Ding, Runwei},
  booktitle={2018 25th IEEE International Conference on Image Processing (ICIP)},
  pages={3478--3482},
  year={2018},
  organization={IEEE}
}

@inproceedings{ho1995random,
  title={Random decision forests},
  author={Ho, Tin Kam},
  booktitle={Proceedings of 3rd international conference on document analysis and recognition},
  volume={1},
  pages={278--282},
  year={1995},
  organization={IEEE}
}

@article{carmichael2007ventricular,
  title={Ventricular volume and dementia progression in the Cardiovascular Health Study},
  author={Carmichael, Owen T and Kuller, Lewis H and Lopez, Oscar L and Thompson, Paul M and Dutton, Rebecca A and Lu, Allen and Lee, Sharon E and Lee, Jessica Y and Aizenstein, Howard J and Meltzer, Carolyn Cidis and others},
  journal={Neurobiology of aging},
  volume={28},
  number={3},
  pages={389--397},
  year={2007},
  publisher={Elsevier}
}

@article{jack2004comparison,
  title={Comparison of different MRI brain atrophy rate measures with clinical disease progression in AD},
  author={Jack, CR and Shiung, MM and Gunter, JL and O’brien, PC and Weigand, SD and Knopman, DS and Boeve, BF and Ivnik, RJ and Smith, GE and Cha, RH and others},
  journal={Neurology},
  volume={62},
  number={4},
  pages={591--600},
  year={2004},
  publisher={AAN Enterprises}
}

@article{mu2011adult,
  title={Adult hippocampal neurogenesis and its role in Alzheimer's disease},
  author={Mu, Yangling and Gage, Fred H},
  journal={Molecular neurodegeneration},
  volume={6},
  number={1},
  pages={85},
  year={2011},
  publisher={Springer}
}

@article{poulin2011amygdala,
  title={Amygdala atrophy is prominent in early Alzheimer's disease and relates to symptom severity},
  author={Poulin, St{\'e}phane P and Dautoff, Rebecca and Morris, John C and Barrett, Lisa Feldman and Dickerson, Bradford C and Alzheimer's Disease Neuroimaging Initiative and others},
  journal={Psychiatry Research: Neuroimaging},
  volume={194},
  number={1},
  pages={7--13},
  year={2011},
  publisher={Elsevier}
}

@article{kim2009role,
  title={The role of apolipoprotein E in Alzheimer's disease},
  author={Kim, Jungsu and Basak, Jacob M and Holtzman, David M},
  journal={Neuron},
  volume={63},
  number={3},
  pages={287--303},
  year={2009},
  publisher={Elsevier}
}

@article{chen2017amyloid,
  title={Amyloid beta: structure, biology and structure-based therapeutic development},
  author={Chen, Guo-fang and Xu, Ting-hai and Yan, Yan and Zhou, Yu-ren and Jiang, Yi and Melcher, Karsten and Xu, H Eric},
  journal={Acta Pharmacologica Sinica},
  volume={38},
  number={9},
  pages={1205--1235},
  year={2017},
  publisher={Nature Publishing Group}
}

@article{hardy2002amyloid,
  title={The amyloid hypothesis of Alzheimer's disease: progress and problems on the road to therapeutics},
  author={Hardy, John and Selkoe, Dennis J},
  journal={science},
  volume={297},
  number={5580},
  pages={353--356},
  year={2002},
  publisher={American Association for the Advancement of Science}
}

@article{corder1993gene,
  title={Gene dose of apolipoprotein E type 4 allele and the risk of Alzheimer's disease in late onset families},
  author={Corder, Elizabeth H and Saunders, Ann M and Strittmatter, Waren J and Schmechel, Donald E and Gaskell, P Craig and Small, GWet and Roses, AD and Haines, JL and Pericak-Vance, Margaret A},
  journal={Science},
  volume={261},
  number={5123},
  pages={921--923},
  year={1993},
  publisher={American Association for the Advancement of Science}
}

@article{lambert2009genome,
  title={Genome-wide association study identifies variants at CLU and CR1 associated with Alzheimer's disease},
  author={Lambert, Jean-Charles and Heath, Simon and Even, Gael and Campion, Dominique and Sleegers, Kristel and Hiltunen, Mikko and Combarros, Onofre and Zelenika, Diana and Bullido, Maria J and Tavernier, B{\'e}atrice and others},
  journal={Nature genetics},
  volume={41},
  number={10},
  pages={1094--1099},
  year={2009},
  publisher={Nature Publishing Group}
}

@article{kingma2014adam,
  title={Adam: A method for stochastic optimization},
  author={Kingma, Diederik P and Ba, Jimmy},
  journal={arXiv preprint arXiv:1412.6980},
  year={2014}
}

@article{schmidhuber1997long,
  title={Long short-term memory},
  author={Schmidhuber, J{\"u}rgen and Hochreiter, Sepp},
  journal={Neural Comput},
  volume={9},
  number={8},
  pages={1735--1780},
  year={1997}
}

@article{hong2019predicting,
  title={Predicting Alzheimer’s disease using LSTM},
  author={Hong, Xin and Lin, Rongjie and Yang, Chenhui and Zeng, Nianyin and Cai, Chunting and Gou, Jin and Yang, Jane},
  journal={IEEE Access},
  volume={7},
  pages={80893--80901},
  year={2019},
  publisher={IEEE}
}

@inproceedings{tabarestani2019longitudinal,
  title={Longitudinal prediction modeling of alzheimer disease using recurrent neural networks},
  author={Tabarestani, Solale and Aghili, Maryamossadat and Shojaie, Mehdi and Freytes, Christian and Cabrerizo, Mercedes and Barreto, Armando and Rishe, Naphtali and Curiel, Rosie E and Loewenstein, David and Duara, Ranjan and others},
  booktitle={2019 IEEE EMBS International Conference on Biomedical \& Health Informatics (BHI)},
  pages={1--4},
  year={2019},
  organization={IEEE}
}

@article{langkvist2014review,
  title={A review of unsupervised feature learning and deep learning for time-series modeling},
  author={L{\"a}ngkvist, Martin and Karlsson, Lars and Loutfi, Amy},
  journal={Pattern Recognition Letters},
  volume={42},
  pages={11--24},
  year={2014},
  publisher={Elsevier}
}

@article{tuncel2018autoregressive,
  title={Autoregressive forests for multivariate time series modeling},
  author={Tuncel, Kerem Sinan and Baydogan, Mustafa Gokce},
  journal={Pattern recognition},
  volume={73},
  pages={202--215},
  year={2018},
  publisher={Elsevier}
}