@article{kontis2020magnitude,
  title={Magnitude, demographics and dynamics of the effect of the first wave of the COVID-19 pandemic on all-cause mortality in 21 industrialized countries},
  author={Kontis, Vasilis and Bennett, James E and Rashid, Theo and Parks, Robbie M and Pearson-Stuttard, Jonathan and Guillot, Michel and Asaria, Perviz and Zhou, Bin and Battaglini, Marco and Corsetti, Gianni and others},
  journal={Nature Medicine},
  pages={1--10},
  year={2020},
  publisher={Nature Publishing Group}
}
@article{centers2020strategies,
  title={Strategies for optimizing the supply of N95 respirators},
  author={Centers for Disease Control and Prevention and others},
  journal={Consultado 26 marzo 2020] Disponible en},
  year={2020}
}
@article{yan2020interpretable,
  title={An interpretable mortality prediction model for COVID-19 patients},
  author={Yan, Li and Zhang, Hai-Tao and Goncalves, Jorge and Xiao, Yang and Wang, Maolin and Guo, Yuqi and Sun, Chuan and Tang, Xiuchuan and Jing, Liang and Zhang, Mingyang and others},
  journal={Nature Machine Intelligence},
  pages={1--6},
  year={2020},
  publisher={Nature Publishing Group}
}
@article{yoon2018gain,
  title={Gain: Missing data imputation using generative adversarial nets},
  author={Yoon, Jinsung and Jordon, James and Van Der Schaar, Mihaela},
  journal={arXiv preprint arXiv:1806.02920},
  year={2018}
}
@inproceedings{yu2013embedding,
  title={Embedding with autoencoder regularization},
  author={Yu, Wenchao and Zeng, Guangxiang and Luo, Ping and Zhuang, Fuzhen and He, Qing and Shi, Zhongzhi},
  booktitle={Joint European Conference on Machine Learning and Knowledge Discovery in Databases},
  pages={208--223},
  year={2013},
  organization={Springer}
}