@article{risacher2010longitudinal,
  title={Longitudinal MRI atrophy biomarkers: relationship to conversion in the ADNI cohort},
  author={Risacher, Shannon L and Shen, Li and West, John D and Kim, Sungeun and McDonald, Brenna C and Beckett, Laurel A and Harvey, Danielle J and Jack Jr, Clifford R and Weiner, Michael W and Saykin, Andrew J and others},
  journal={Neurobiology of aging},
  volume={31},
  number={8},
  pages={1401--1418},
  year={2010},
  publisher={Elsevier}
}